@misc{cwss,
author={{The MITRE Corporation}},
title={{Common Weakness Scoring System (CWSS)}},
  year={2014},
  note={\url{https://cwe.mitre.org/cwss/cwss\_v1.0.1.html}, visited on 2023/06/22}
}

@Article{Howard2006,
  author  = {Howard, Michael},
  journal = {IEEE Security \& Privacy},
  title   = {{A Process for Performing Security Code Reviews}},
  year    = {2006},
  number  = {4},
  pages   = {74--79},
  volume  = {4},
  doi     = {10.1109/MSP.2006.84},
}

@Misc{mitre,
    note = {\url{https://cwe.mitre.org/top25/archive/2022/2022_cwe_top25.html}, visited on 2023/06/22},
    title = {{CWE Top 25 Most Dangerous Software Weaknesses}},
    author = {{The 2022 CWE Top 25 Team}},
}

@Misc{cwa-server,
    title = {{Repository of the Corona Warn App Server Implementation}},
    note = {\url{https://github.com/corona-warn-app/cwa-server}},
    author = {{SAP SE}},
}

@INPROCEEDINGS{9359268,
  author={Sultana, Kazi Zakia and Codabux, Zadia and Williams, Byron},
  booktitle={Asia-Pacific Software Engineering Conference (APSEC)}, 
  title={{Examining the Relationship of Code and Architectural Smells with Software Vulnerabilities}}, 
  year={2020},
  pages={31-40},
  doi={10.1109/APSEC51365.2020.00011}}

@INPROCEEDINGS{8819456,
  author={Elkhail, Abdulrahman Abu and Cerny, Tomas},
  booktitle={Conference on Intelligent Data and Security (IDS)}, 
  title={{On Relating Code Smells to Security Vulnerabilities}}, 
  year={2019},
  volume={},
  number={},
  pages={7-12},
  doi={10.1109/BigDataSecurity-HPSC-IDS.2019.00013}}

@Misc{replication,
  author = {{Sven Peldszus and Katharina Großer and Marco Konersmann and Wasja Brunotte and Maike Ahrens and Kurt Schneider and Jan Jürjens}},
  note   = {\url{https://www.dropbox.com/s/9pvid8b5sdeglkw/TOSEM2023-TraceSEC-supplementary_material.zip?dl=0}},
  title  = {{TraceSEC Replication Package: The replication package will be uploaded to Zenodo after acceptance of the work.}},
}

@Misc{sonarcloud,
    title = {{SonarCloud Website}},
    author = {{SonarSource}},
    note = {\url{https://sonarcloud.io/}, visited on 2024/08/23},
}

@Misc{eclipse,
    title = {{Eclipse Website}},
    author = {{The Eclipse Foundation}},
    note ={\url{https://eclipseide.org/release/}, visited on 2024/08/23},
}

@Misc{sonar,
  title = {{SonarQube website}},
  author = {{SonarSource S.A}},
  note  = {\url{https://www.sonarqube.org/}, visited on 2024/08/23},
}

@Article{deng2011privacy,
  author  = {Deng, Mina and Wuyts, Kim and Scandariato, Riccardo and Preneel, Bart and Joosen, Wouter},
  journal = {Requirements Engineering},
  title   = {{A Privacy Threat Analysis Framework: Supporting the Elicitation and Fulfillment of Privacy Requirements}},
  year    = {2011},
  number  = {1},
  pages   = {3--32},
  volume  = {16},
}

@Misc{gravity,
    author = {Sven Peldszus and others},
    title = {{GRaViTY Tool Website}},
    note= {\url{https://gravity-tool.org}, visited on 2023/06/23},
}

@Misc{iTrustWiki,
    author = {{The Internet Archive}},
  title = {{WebArchive Backup of the iTrust Wiki}},
  note = {\url{https://web.archive.org/web/20161223232745/http://agile.csc.ncsu.edu/iTrust/wiki/doku.php?id=requirements}, visited on 2022/08/23},
}

@Book{Peldszus2022,
 author = {Sven Peldszus},
 title = {{Security Compliance in Model-driven Development of Software Systems in Presence of Long-Term Evolution and Variants}},
 publisher = {Springer},
 year = {2022},
 doi = {10.1007/978-3-658-37665-9},
}


@InProceedings{peldszus2016continuous,
  author    = {Peldszus, Sven and Kulcs{\'a}r, G{\'e}za and Lochau, Malte and Schulze, Sandro},
  booktitle = {International Conference on Automated Software Engineering (ASE)},
  title     = {{Continuous Detection of Design Flaws in Evolving Object-oriented Programs Using Incremental Multi-pattern Matching}},
  year      = {2016},
  pages     = {578--589},
}

@Article{ford_fulkerson_1956,
  author    = {Ford, L. R. and Fulkerson, D. R.},
  title     = {{Maximal Flow through a Network}},
  doi       = {10.4153/CJM-1956-045-5},
  pages     = {399--404},
  volume    = {8},
  journal   = {Canadian Journal of Mathematics},
  publisher = {Cambridge University Press},
  year      = {1956},
}

@book{steinberg2008emf,
  title={{EMF: Eclipse Modeling Framework}},
  author={Steinberg, Dave and Budinsky, Frank and Merks, Ed and Paternostro, Marcelo},
  year={2008},
  publisher={Pearson Education}
}

@Article{BSGRJS2018,
  author  = {B{\"u}rger, Jens and Str{\"u}ber, Daniel and G{\"a}rtner, Stefan and Ruhroth, Thomas and J{\"u}rjens, Jan and Schneider, Kurt},
  title   = {{A Framework for Semi-automated Co-evolution of Security Knowledge and System Models}},
  journal = {Journal of Systems and Software (JSS)},
  year    = {2018},
  volume  = {139},
  pages   = {142--160},
  doi     = {10.1016/j.jss.2018.02.003},
}

@Book{stallings2015computer,
  author = {Stallings, William},
  title  = {Computer Security Principles and Practice},
  year   = {2015},
}

@TechReport{secure-coding,
  author      = {Keith Turpin and Jon Gadsden and others},
  institution = {{The OWASP Foundation}},
  title       = {{OWASP Secure Coding Practices-Quick Reference Guide}},
  year        = {2022},
}

@Article{TPS2022,
  author  = {Katja Tuma and Sven Peldszus and Daniel Strüber and Riccardo Scandariato and Jan Jürjens},
  journal = {International Journal on Software and Systems Modeling (SoSyM)},
  title   = {{Checking Security Compliance between Models and Code}},
  year    = {2022},
  doi     = {10.1007/s10270-022-00991-5},
}

@InProceedings{Peldszus2019SDF,
  author    = {Sven Peldszus and Katja Tuma and Daniel Str{\"{u}}ber and Jan J{\"{u}}rjens and Riccardo Scandariato},
  booktitle = {International Conference on Model-driven Engineering Languages and Systems (MODELS)},
  title     = {{Secure Data-Flow Compliance Checks between Models and Code based on Automated Mappings}},
  year      = {2019},
  pages     = {23--33},
  doi       = {10.1109/MODELS.2019.00-18},
}

@InProceedings{PKLS2015,
  author    = {Sven Peldszus and G{\'{e}}za Kulcs{\'{a}}r and Malte Lochau and Sandro Schulze},
  booktitle = {Principles and Practices of Programming on The Java Platform (PPPJ)},
  title     = {{Incremental Co-Evolution of Java Programs based on Bidirectional Graph Transformation}},
  year      = {2015},
  pages     = {138--151},
  doi       = {10.1145/2807426.2807438},
}

@Article{MOHA2010,
  author  = {Aaron K. Massey and Paul N. Otto and Lauren J. Hayward and Annie I. Ant{\'{o}}n},
  title   = {{Evaluating Existing Security and Privacy Requirements for Legal Compliance}},
  journal = {Requirements Engineering Journal (RE)},
  year    = {2010},
  volume  = {15},
  pages   = {119--137},
  note    = {{Special Issue---Security Requirements Engineering}},
  doi     = {10.1007/s00766-009-0089-5},
}

@Article{PBKJ2021,
  author  = {Sven Peldszus and Jens B{\"{u}}rger and Timo Kehrer and Jan J{\"{u}}rjens},
  title   = {{Ontology-Driven Evolution of Software Security}},
  journal = {Data \& Knowledge Engineering (DKE)},
  year    = {2021},
  volume  = {134},
  doi     = {10.1016/j.datak.2021.101907},
}


@InCollection{sharma2018improved,
  author    = {Sharma, Ruchi and Singh, RK},
  booktitle = {Quality, IT and Business Operations},
  title     = {{An Improved Scoring System for Software Vulnerability Prioritization}},
  pages     = {33--43},
  publisher = {Springer},
  year      = {2018},
}

@inproceedings{rath2018,
author = {Rath, Michael and Rendall, Jacob and Guo, Jin L. C. and Cleland-Huang, Jane and M\"{a}der, Patrick},
title = {{Traceability in the Wild: Automatically Augmenting Incomplete Trace Links}},
year = {2018},
doi = {10.1145/3180155.3180207},
booktitle = {Proceedings of the 40th International Conference on Software Engineering},
pages = {834–845},
}

@Book{Schneider2012ASQ,
  author    = {Schneider, Kurt},
  publisher = {dpunkt. verlag},
  title     = {{Abenteuer Softwarequalit{\"a}t}},
  year      = {2012},
  edition   = {2},
  isbn      = {978-3-89864-784-7},
  language  = {German},
  subtitle  = {Grundlagen und Verfahren f{\"u}r Qualit{\"a}tssicherung und Qualit{\"a}tsmanagement},
}

@INPROCEEDINGS{5507389,
  author={Islam, Shareeful and Houmb, Siv Hilde},
  booktitle={International Conference on Research Challenges in Information Science (RCIS)}, 
  title={{Integrating Risk Management Activities into Requirements Engineering}}, 
  year={2010},
  volume={},
  number={},
  pages={299-310},
  doi={10.1109/RCIS.2010.5507389}}

@book{jurjens2005secure,
  title={{Secure Systems Development with UML}},
  author={J{\"u}rjens, Jan},
  year={2005},
  publisher={Springer}
}

@inproceedings{tracing,
author = {Cleland-Huang, Jane and Gotel, Orlena C. Z. and Huffman Hayes, Jane and M\"{a}der, Patrick and Zisman, Andrea},
title = {{Software Traceability: Trends and Future Directions}},
year = {2014},
isbn = {9781450328654},
publisher = {Association for Computing Machinery},
address = {New York, NY, USA},
url = {https://doi.org/10.1145/2593882.2593891},
doi = {10.1145/2593882.2593891},
booktitle = {Future of Software Engineering Proceedings},
pages = {55–69},
}

@InProceedings{Deissenboek2009,
  author    = {Deissenboeck, Florian and Juergens, Elmar and Lochmann, Klaus and Wagner, Stefan},
  booktitle = {ICSE Workshop on Software Quality},
  title     = {{Software Quality Models: Purposes, Usage Scenarios and Requirements}},
  year      = {2009},
  pages     = {9--14},
  doi       = {10.1109/WOSQ.2009.5071551},
}

@ARTICLE{9669954,
  author={Khan, Rafiq Ahmad and Khan, Siffat Ullah and Khan, Habib Ullah and Ilyas, Muhammad},
  journal={IEEE Access}, 
  title={{Systematic Literature Review on Security Risks and its Practices in Secure Software Development}}, 
  year={2022},
  volume={10},
  number={},
  pages={5456--5481},
  doi={10.1109/ACCESS.2022.3140181}}

@Article{WAGNER2015101,
  author  = {Stefan Wagner and Andreas Goeb and Lars Heinemann and Michael Kläs and Constanza Lampasona and Klaus Lochmann and Alois Mayr and Reinhold Plösch and Andreas Seidl and Jonathan Streit and Adam Trendowicz},
  title   = {{Operationalised Product Quality Models and Assessment: The Quamoco Approach}},
  doi     = {10.1016/j.infsof.2015.02.009},
  pages   = {101--123},
  volume  = {62},
  journal = {Information and Software Technology},
  year    = {2015},
}

@Article{SHAMELISENDI201614,
  author  = {Alireza Shameli-Sendi and Rouzbeh Aghababaei-Barzegar and Mohamed Cheriet},
  journal = {Computers \& Security},
  title   = {{Taxonomy of information security risk assessment (ISRA)}},
  year    = {2016},
  pages   = {14--30},
  volume  = {57},
  doi     = {https://doi.org/10.1016/j.cose.2015.11.001},
}

@InProceedings{Gotel1994Trace,
  author    = {Gotel, Orlena C. Z. and Finkelstein, Anthony C. W.},
  booktitle = {{International Conference on Requirements Engineering (RE)}},
  title     = {{An Analysis of the Requirements Traceability Problem}},
  year      = {1994},
  pages     = {94--101},
  doi       = {10.1109/ICRE.1994.292398},
}


@Article{huang2013novel,
  author  = {Huang, Chien-Cheng and Lin, Feng-Yu and Lin, Frank Yeong-Sung and Sun, Yeali S},
  journal = {Journal of Systems and Software (JSS)},
  title   = {{A Novel Approach to Evaluate Software Vulnerability Prioritization}},
  year    = {2013},
  number  = {11},
  pages   = {2822--2840},
  volume  = {86},
}

@InProceedings{Heckman2018,
  author    = {Sarah Heckman and Kathryn T. Stolee and Christopher Parnin},
  booktitle = {International Conference on Software Engineering: Software Engineering Education and Training (ICSE-SEET)},
  title     = {{10+ Years of Teaching Software Engineering with iTrust: the Good, the Bad, and the Ugly}},
  year      = {2018},
  pages     = {1--4},
  doi       = {10.1145/3183377.3183393},
}

@Book{pasta,
  author    = {UcedaVelez, Tony and Morana, Marco M},
  publisher = {John Wiley \& Sons},
  title     = {{Risk Centric Threat Modeling: Process for Attack Simulation and Threat Analysis}},
  year      = {2015},
}

@Misc{iTrust,
  author = {Meneely, Andrew and Smith, Ben and Williams, Laurie},
  title  = {{iTrust Electronic Health Care System Case Study}},
  note    = {\url{https://github.com/ncsu-csc326/iTrust}},
}

@Misc{iTrustReqs,
  author = {Sarah S. Heckman and Kai Presler-Marshall},
  title  = {{Requirements of the iTrust Electronic Health Care System}},
  note    = {\url{https://github.com/ncsu-csc326/iTrust2/wiki/requirements}},
}

@InProceedings{CGL+03,
  author    = {Clements, P. and Garlan, D. and Little, R. and Nord, R. and Stafford, J.},
  booktitle = {International Conference on Software Engineering (ICSE)},
  title     = {{Documenting Software Architectures: Views and Beyond}},
  year      = {2003},
  pages     = {740-741},
  doi       = {10.1109/ICSE.2003.1201264},
}

@PhdThesis{Goknil2011PhD,
  author = {A. Goknil},
  title  = {{Traceability of Requirements and Software Architecture for Change Management}},
  doi    = {10.3990/1.9789036531757},
  school = {University of Twente},
  year   = {2011},
}


@Article{Goknil2014,
  author  = {Arda Goknil and Ivan Kurtev and Klaas Van Den Berg},
  journal = {Journal of Systems and Software (JSS)},
  title   = {{Generation and Validation of Traces between Requirements and Architecture Based on Formal Trace Semantics}},
  year    = {2014-02},
  pages   = {112--137},
  volume  = {88},
  doi     = {10.1016/j.jss.2013.10.006},
}


@InCollection{spanoudakis2005software,
  author    = {Spanoudakis, George and Zisman, Andrea},
  booktitle = {{Handbook of Software Engineering and Knowledge Engineering: Vol 3: Recent Advances}},
  title     = {{Software Traceability: A Roadmap}},
  doi       = {10.1142/9789812775245_0014},
  pages     = {395--428},
  publisher = {World Scientific},
  year      = {2005},
}

@Article{BCP+13,
  author  = {Baca, Dejan and Carlsson, Bengt and Petersen, Kai and Lundberg, Lars},
  journal = {Software: Practice and Experience},
  title   = {{Improving Software Security with Static Automated Code Analysis in an Industry Setting}},
  year    = {2013},
  number  = {3},
  pages   = {259-279},
  volume  = {43},
}


@InProceedings{Gupta2022,
  author    = {Gupta, Aakanshi and Sharma, Deepanshu and Phulli, Kritika},
  booktitle = {International Conference on Innovative Computing and Communications},
  title     = {{Prioritizing Python Code Smells for Efficient Refactoring Using Multi-criteria Decision-Making Approach}},
  year      = {2022},
  pages     = {105--122},
}


@Article{schwarz2010gbt,
  author  = {Schwarz, Hannes and Ebert, J{\"u}rgen and Winter, Andreas},
  journal = {International Journal on Software \& Systems Modeling (SoSyM)},
  title   = {{Graph-based Traceability: A Comprehensive Approach}},
  year    = {2010},
  number  = {4},
  pages   = {473--492},
  volume  = {9},
  doi     = {10.1007/s10270-009-0141-4},
}

@InProceedings{Katin2022,
  author    = {Katin, Andrej and Lenarduzzi, Valentina and Taibi, Davide and Mandi{\'{c}}, Vladimir},
  booktitle = {International Conference on Industrial Systems (IS)},
  title     = {{On the Technical Debt Prioritization and Cost Estimation with SonarQube Tool}},
  year      = {2022},
  pages     = {302--309},
}

@InProceedings{Pina21,
  author    = {Pina, Diogo and Goldman, Alfredo and Tonin, Graziela},
  booktitle = {Euromicro Conference on Software Engineering and Advanced Applications (SEAA)},
  title     = {{Technical Debt Prioritization: Taxonomy, Methods Results, and Practical Characteristics}},
  year={2021},
  pages={206--213},
  doi={10.1109/SEAA53835.2021.00034},
}

@Misc{ISO24765:2010,
  author = {{ISO/IEC/IEEE}},
  date   = {2010-12-15},
  title  = {{ISO}/{IEC}/{IEEE} 24765: {S}ystems and Software Engineering -- {V}ocabulary},
  doi    = {10.1109/IEEESTD.2010.5733835},
  month  = dec,
  number = {{ISO}/{IEC}/{IEEE} 24765:2010(E)},
  year   = {2010},
}

@Misc{cc,
  author = {{Common Criteria Editorial Board (CCEB)}},
  title  = {{Common Criteria for Information Technology Security Evaluation (ISO/IEC 15408)}},
  year   = {2022},
}

@Misc{ISO25010,
  author = {{ISO/IEC}},
  title  = {{ISO}/{IEC} 25010: {Systems and software engineering---Systems and software Quality Requirements and Evaluation (SQuaRE)---System and software quality models}},
  number = {ISO/IEC 25010:2011},
  year   = {2011},
}

@Misc{ISO26262,
  author      = {{ISO/TC 22/SC 32}},
  month       = dec,
  title       = {{ISO 26262-1:2018: Road vehicles --- Functional safety --- Part 1: Vocabulary}},
  year        = {2018},
  institution = {International Organization for Standardization},
  number      = {ISO 26262-1:2018},
}

@INPROCEEDINGS{AB19,
  author={Alfayez, Reem and Boehm, Barry},
  booktitle={International Conference on Software Quality, Reliability and Security (QRS)}, 
  title={Technical Debt Prioritization: A Search-Based Approach}, 
  year={2019},
  pages={434-445},
  doi={10.1109/QRS.2019.00060}}

@Article{Grosser2022RDR,
  author   = {Katharina Gro{\ss}er and Volker Riediger and Jan J{\"u}rjens},
  journal  = {Journal on Software and Systems Modeling (SoSyM)},
  title    = {{Requirements Document Relations}},
  year     = {2022},
  number   = {6},
  pages    = {1--37},
  volume   = {21},
  doi      = {10.1007/s10270-021-00958-y},
  subtitle = {A reuse perspective on traceability through standards},
}

@inproceedings{10.1145/3468264.3473926,
author = {Weir, Charles and Migues, Sammy and Ware, Mike and Williams, Laurie},
title = {Infiltrating security into development: exploring the world’s largest software security study},
year = {2021},
doi = {10.1145/3468264.3473926},
booktitle = {Joint Meeting on European Software Engineering Conference and Symposium on the Foundations of Software Engineering (ESEC/FSE)},
pages = {1326–1336},
}



@TechReport{IEC62304,
  author = {{ISO/TC 210}},
  title  = {{Medical Device Software --- Software Life Cycle Processes}},
  year   = {2007},
  type   = {International Standard},
  institution = {International Electrotechnical Commission (IEC)},
  number = {IEC 62304:2006},
}

@INPROCEEDINGS{FV15,
  author={Falessi, Davide and Voegele, Alexander},
  booktitle={International Workshop on Managing Technical Debt (MTD)}, 
  title={{Validating and Prioritizing Quality Rules for Managing Technical Debt: An Industrial Case Study}}, 
  year={2015},
  pages={41-48},
  doi={10.1109/MTD.2015.7332623}}

@InProceedings{Pinheiro2004trace,
  author    = {Pinheiro, Francisco A. C.},
  booktitle = {{Perspectives on Software Requirements}},
  title     = {{Requirements Traceability}},
  year      = {2004},
  address   = {US},
  pages     = {91--113},
  publisher = {Springer},
  doi       = {10.1007/978-1-4615-0465-8\_5},
}

@Misc{cwe,
    title = {{Common Weakness Enumeration: A Community-developed List of Software \& Hardware Weakness Types}},
    author = {{The MITRE Corporation (MITRE)}},
    note = {\url{https://cwe.mitre.org/}},
}


@Article{Mouratidis2010GDS,
  author  = {Mouratidis, Haralambos and J\"{u}rjens, Jan},
  title   = {{From Goal-driven Security Requirements Engineering to Secure Design}},
  doi     = {10.1002/int.20432},
  number  = {8},
  pages   = {813--840},
  volume  = {25},
  journal = {International Journal of Intelligent Systems},
  year    = {2010},
}

@Book{white2008bpmn,
  author    = {White, Stephen A and Miers, Derek},
  publisher = {Future Strategies Inc.},
  title     = {{BPMN Modeling and Reference Guide: Understanding and Using BPMN}},
  year      = {2008},
}

@InProceedings{Ahmadian2017MBP,
  author    = {Ahmadian, Amir Shayan and Peldszus, Sven and Ramadan, Qusai and J\"{u}rjens, Jan},
  booktitle = {Joint Meeting on Foundations of Software Engineering (ESEC/FSE)},
  title     = {{Model-based Privacy and Security Analysis with Carisma}},
  year      = {2017},
  pages     = {989--993},
  doi       = {10.1145/3106237.3122823},
}


@InProceedings{Espinoza2006ASC,
  author    = {Espinoza, Angelina and Alarcon, Pedro P. and Garbajosa, Juan},
  booktitle = {Annual IEEE/NASA Software Engineering Workshop},
  title     = {{Analyzing and Systematizing Current Traceability Schemas}},
  year      = {2006},
  pages     = {21--32},
  doi       = {10.1109/SEW.2006.12},
}

@InProceedings{KAOS,
  author    = {Darimont, Robert and Delor, Emmanuelle and Massonet, Philippe and van Lamsweerde, Axel},
  booktitle = {International Conference on Software Engineering (ICSE)},
  title     = {{Grail/kaos: An Environment for Goal-driven Requirements Engineering}},
  pages     = {612--613},
  year      = {1997},
}

@InProceedings{Baca2010,
  author    = {Baca, Dejan},
  booktitle = {{International Conference on Availability, Reliability and Security}},
  title     = {{Identifying Security Relevant Warnings from Static Code Analysis Tools through Code Tainting}},
  year      = {2010},
  pages     = {386--390},
  doi       = {10.1109/ARES.2010.108},
}

@Book{dsl,
  author    = {W{\k{a}}sowski, Andrzej and Berger, Thorsten},
  publisher = {Springer},
  title     = {Domain-Specific Languages: Effective Modeling, Automation, and Reuse},
  year      = {2023},
}

@Book{long2011cert,
  author    = {Long, Fred and Mohindra, Dhruv and Seacord, Robert C and Sutherland, Dean F and Svoboda, David},
  publisher = {Addison-Wesley Professional},
  title     = {{The CERT Oracle Secure Coding Standard for Java}},
  year      = {2011},
}

@Book{fowler2010domain,
  author    = {Fowler, Martin},
  publisher = {Pearson Education},
  title     = {{Domain-Specific Languages}},
  year      = {2010},
  isbn      = {978-0321712943},
}

@Article{Thome2018,
  author  = {Thom{\'e}, Julian and Shar, Lwin Khin and Bianculli, Domenico and Briand, Lionel},
  journal = {Journal of Systems and Software (JSS)},
  title   = {{Security Slicing for Auditing Common Injection Vulnerabilities}},
  year    = {2018},
  pages   = {766--783},
  volume  = {137},
  doi     = {10.1016/j.jss.2017.02.040},
}


@Article{winkler2010survey,
  author  = {Winkler, Stefan and von Pilgrim, Jens},
  journal = {International Journal on Software and Systems Modeling (SoSyM)},
  title   = {{A Survey of Traceability in Requirements Engineering and Model-driven Development}},
  year    = {2010},
  number  = {4},
  pages   = {529--565},
  volume  = {9},
  doi     = {10.1007/s10270-009-0145-0},
}


@InProceedings{Huang2014,
  author    = {Huang, Wei and Dong, Yao and Milanova, Ana},
  booktitle = {International Conference on Fundamental Approaches to Software Engineering (FASE)},
  title     = {{Type-based Taint Analysis for Java Web Applications}},
  year      = {2014},
  pages     = {140--154},
  doi       = {10.1007/978-3-642-54804-8_10},
}

@InProceedings{Tripp2013,
  author    = {Tripp, Omer and Pistoia, Marco and Cousot, Patrick and Cousot, Radhia and Guarnieri, Salvatore},
  booktitle = {International Conference on Fundamental Approaches to Software Engineering (FASE)},
  title     = {{Andromeda: Accurate and Scalable Security Analysis of Web Applications}},
  year      = {2013},
  pages     = {210--225},
  doi       = {10.1007/978-3-642-37057-1_15},
}

@TechReport{Wagner2012,
  author      = {Stefan Wagner and Klaus Lochmann and Sebastian Winter and Andreas Goeb and Michael Kläs and Sabine Nunnenmacher},
  institution = {Technische Universität München (TUM)},
  title       = {{Software Quality Models in Practice}},
  year        = {2012},
  number      = {TUM-I129},
}


@book{howard2006security,
  title={{The Security Development Lifecycle}},
  author={Howard, Michael and Lipner, Steve},
  volume={8},
  year={2006},
  publisher={Microsoft Press}
}

@inproceedings{wagner2009security,
  title={{A Security Requirements Approach for Web Systems}},
  author={Wagner, Stefan and Fernandez, D Mendez and Islam, Shareeful and Lochmann, Klaus},
  booktitle={Workshop Quality Assessment in Web (QAW)},
  year={2009},
}

@Article{Salnitri2020,
  author    = {Mattia Salnitri and Konstantinos Angelopoulos and Michalis Pavlidis and Vasiliki Diamantopoulou and Haralambos Mouratidis and Paolo Giorgini},
  journal   = {Software \& Systems Modeling (SoSyM)},
  title     = {Modelling the interplay of security, privacy and trust in sociotechnical systems: a computer-aided design approach},
  year      = {2020},
  number    = {2},
  pages     = {467--491},
  volume    = {19},
  date      = {2019-07},
  doi       = {10.1007/s10270-019-00744-x},
  publisher = {Springer Science and Business Media {LLC}},
}

@Article{Salnitri2017DSB,
  author  = {Salnitri, Mattia and Dalpiaz, Fabiano and Giorgini, Paolo},
  journal = {Software \& Systems Modeling (SoSyM)},
  title   = {{Designing secure business processes with SecBPMN}},
  year    = {2017},
  pages   = {737--757},
  volume  = {16},
  doi     = {10.1007/s10270-015-0499-4},
}

@inproceedings{turpe2017trouble,
  title={{The Trouble with Security Requirements}},
  author={T{\"u}rpe, Sven},
  booktitle={International Requirements Engineering Conference (RE)},
  pages={122--133},
  year={2017},
}

@Article{app14135542,
  author  = {Tan, Yaodan and Tian, Junfeng},
  journal = {Applied Sciences},
  title   = {{A Method for Processing Static Analysis Alarms Based on Deep Learning}},
  year    = {2024},
  number  = {13},
  volume  = {14},
  doi     = {10.3390/app14135542},
}

@InProceedings{Weiser1981,
  author    = {Weiser, Mark},
  booktitle = {International Conference on Software Engineering (ICSE)},
  title     = {{Program Slicing}},
  year      = {1981},
  pages     = {439--449},
  isbn      = {0897911466},
  numpages  = {11},
}

@Article{Aloraini2019,
  author  = {Aloraini, Bushra and Nagappan, Meiyappan and German, Daniel M and Hayashi, Shinpei and Higo, Yoshiki},
  journal = {Journal of Systems and Software (JSS)},
  title   = {{An Empirical Study of Security Warnings from Static Application Security Testing Tools}},
  year    = {2019},
  pages   = {110427},
  volume  = {158},
  doi     = {10.1016/j.jss.2019.110427},
}

@article{shedden2011incorporating,
  title={{Incorporating a Knowledge Perspective into Security Risk Assessments}},
  author={Shedden, Piya and Scheepers, Rens and Smith, Wally and Ahmad, Atif},
  journal={Vine},
  volume={41},
  number={2},
  pages={152--166},
  year={2011},
  publisher={Emerald Group Publishing Limited}
}

@Book{Whitlock2008ABD,
  author    = {Whitlock, Michael C. and Schluter, Dolph},
  title     = {{The Analysis of Biological Data}},
  isbn      = {978-0-9815194-0-1},
  publisher = {Roberts \& Company Publishers},
  subtitle  = {From Mind to Molecules},
  url       = {https://www.zoology.ubc.ca/\~bio300/StatTables.pdf},
  year      = {2008},
}

@Article{DBLP:journals/ese/MunaiahCWMN17,
  author  = {Nuthan Munaiah and Felivel Camilo and Wesley Wigham and Andrew Meneely and Meiyappan Nagappan},
  journal = {EMSE},
  title   = {{Do Bugs Foreshadow Vulnerabilities? An In-depth Study of the Chromium Project}},
  year    = {2017},
  number  = {3},
  volume  = {22},
  comment = {Shows that files with most bugs are not files with most vulnerabilities},
}

@Misc{pmd,
    author = {{PMD Contributors}},
    title = {{PMD Source Code Analyzer Website}},
    note= {\url{https://pmd.github.io/}, visited on 2023/06/23},
}

@Misc{codeql,
    author = {{GitHub, Inc.}},
    title = {{CodeQL Website}},
    note= {\url{https://codeql.github.com/}, visited on 2023/06/23},
}

@Misc{SpotBugs,
    title = {{SpotBugs Website}},
    author = {{The SpotBugs Team}},
    note ={\url{https://spotbugs.github.io/}, visited on 2022/08/23},
}

@article{houmb2010eliciting,
  title={{Eliciting Security Requirements and Tracing them to Design: An Integration of Common Criteria, Heuristics, and UMLsec}},
  author={Houmb, Siv Hilde and Islam, Shareeful and Knauss, Eric and J{\"u}rjens, Jan and Schneider, Kurt},
  journal={Requirements Engineering},
  volume={15},
  pages={63--93},
  year={2010},
  publisher={Springer}
}

@ARTICLE{Peldszus2024,
  author={Peldszus, Sven and Bürger, Jens and Jürjens, Jan},
  journal={IEEE Transactions on Software Engineering}, 
  title={UMLsecRT: Reactive Security Monitoring of Java Applications With Round-Trip Engineering}, 
  year={2024},
  volume={50},
  number={1},
  pages={16--47},
  doi={10.1109/TSE.2023.3326366}}


@InProceedings{Lam2008,
  author    = {Lam, Monica S. and Martin, Michael and Livshits, Benjamin and Whaley, John},
  booktitle = {Symposium on Partial Evaluation and Semantics-based Program Manipulation},
  title     = {{Securing Web Applications with Static and Dynamic Information Flow Tracking}},
  doi       = {10.1145/1328408.1328410},
  pages     = {3--12},
  publisher = {ACM},
  year      = {2008},
}

@INPROCEEDINGS{8004340,
  author={Brunner, Michael and Huber, Michael and Sauerwein, Clemens and Breu, Ruth},
  booktitle={International Conference on Software Quality, Reliability and Security Companion (QRS-C)}, 
  title={{Towards an Integrated Model for Safety and Security Requirements of Cyber-Physical Systems}}, 
  year={2017},
  volume={},
  number={},
  pages={334-340},
  doi={10.1109/QRS-C.2017.63}}

@article{10.1145/3385678.3385687,
author = {Mirakhorli, Mehdi and Galster, Matthias and Williams, Laurie},
title = {{Understanding Software Security from Design to Deployment}},
year = {2020},
volume = {45},
number = {2},
doi = {10.1145/3385678.3385687},
journal = {SIGSOFT Softw. Eng. Notes},
pages = {25–26},
}

@INPROCEEDINGS{8906747,
  author={Foidl, Harald and Felderer, Michael and Biffl, Stefan},
  booktitle={Euromicro Conference on Software Engineering and Advanced Applications (SEAA)}, 
  title={{Technical Debt in Data-Intensive Software Systems}}, 
  year={2019},
  volume={},
  number={},
  pages={338-341},
  doi={10.1109/SEAA.2019.00058}}

@Article{BRUNNER2020101776,
  author  = {Michael Brunner and Clemens Sauerwein and Michael Felderer and Ruth Breu},
  journal = {Computers \& Security},
  title   = {{Risk Management Practices in Information Security: Exploring the Status Quo in the DACH Region}},
  year    = {2020},
  pages   = {101776},
  volume  = {92},
  doi     = {https://doi.org/10.1016/j.cose.2020.101776},
}


@InProceedings{Tripp2014,
  author    = {Tripp, Omer and Guarnieri, Salvatore and Pistoia, Marco and Aravkin, Aleksandr},
  booktitle = {Conference on Computer and Communications Security (CCS)},
  title     = {{Aletheia: Improving the Usability of Static Security Analysis}},
  doi       = {10.1145/2660267.2660339},
  pages     = {762--774},
  year      = {2014},
}

@InProceedings{Tripp2014a,
  author    = {Tripp, Omer and Ferrara, Pietro and Pistoia, Marco},
  booktitle = {International Symposium on Software Testing and Analysis},
  title     = {{Hybrid Security Analysis of Web Javascript Code Via Dynamic Partial Evaluation}},
  doi       = {10.1145/2610384.2610385},
  pages     = {49--59},
  year      = {2014},
}

@ARTICLE{1281254,
  author={McGraw, G.},
  journal={IEEE Security \& Privacy}, 
  title={{Software Security}}, 
  year={2004},
  volume={2},
  number={2},
  pages={80-83},
  doi={10.1109/MSECP.2004.1281254}}

@Article{Wang2020DSS,
  author  = {Wang, Wentao and Dumont, Faryn and Niu, Nan and Horton, Glen},
  journal = {Transactions on Software Engineering (TSE)},
  title   = {{Detecting Software Security Vulnerabilities Via Requirements Dependency Analysis}},
  year    = {2020},
  doi     = {10.1109/TSE.2020.3030745},
}

@InProceedings{Walden2014,
  author    = {Walden, James and Stuckman, Jeff and Scandariato, Riccardo},
  booktitle = {International Symposium on Software Reliability Engineering},
  title     = {{Predicting Vulnerable Components: Software Metrics Vs Text Mining}},
  year      = {2014},
  pages     = {23--33},
  doi       = {10.1109/ISSRE.2014.32},
}

@Misc{lsp,
  author = {Microsoft},
  title  = {{Language Server Protocol (LSP)}},
    note = {\url{https://microsoft.github.io/language-server-protocol/}, visited on 2023/06/23},
    year = {2022},
}

@InProceedings{xtext,
  author    = {Eysholdt, Moritz and Behrens, Heiko},
  booktitle = {International Conference Companion on Object Oriented Programming Systems Languages and Applications Companion (OOPSLA)},
  title     = {{Xtext: Implement Your Language Faster Than the Quick and Dirty Way}},
  year      = {2010},
  pages     = {307–309},
  doi       = {10.1145/1869542.1869625},
  isbn      = {9781450302401},
  keywords  = {EMF, MDSD, Xtext, modeling, DSL, Eclipse},
  numpages  = {3},
}

@InProceedings{BPA+2022,
  author    = {Barros, Djonathan and Peldszus, Sven and Assun\c{c}\~{a}o, Wesley K. G. and Berger, Thorsten},
  booktitle = {International Conference on Model Driven Engineering Languages and Systems (MODELS)},
  title     = {{Editing Support for Software Languages: Implementation Practices in Language Server Protocols}},
  year      = {2022},
  pages     = {232–243},
  doi       = {10.1145/3550355.3552452},
  isbn      = {9781450394666},
  keywords  = {source code editor, language engineering, code assistance, implementation practices},
  numpages  = {12},
}

@INPROCEEDINGS{Cowan2000,
  author={Cowan, C. and Wagle, F. and Calton Pu and Beattie, S. and Walpole, J.},
  booktitle={DARPA Information Survivability Conference and Exposition (DISCEX)}, 
  title={{Buffer Overflows: Attacks and Defenses for the Vulnerability of the Decade}}, 
  year={2000},
  volume={2},
  pages={119--129},
  doi={10.1109/DISCEX.2000.821514}
}


@InProceedings{Peldszus2025,
    author = {Kevin Hermann and Sven Peldszus and Jan-Philipp Steghöfer and Thorsten Berger},
    title = {{An Exploratory Study on the Engineering of Security Features}},
    booktitle = {International Conference on Software Engineering (ICSE)},
    year = {2025},
}

@Misc{NVD2021,
  author       = {{National Institute of Standards and Technology}},
  title        = {{National Vulnerability Database - Data Feeds}},
  note = {\url{https://nvd.nist.gov/vuln/data-feeds}, visited on 2023/06/22},
  organization = {U.S. Department of Commerce},
  year         = {2020},
}

@Misc{CVSS2021,
  author       = {{National Institute of Standards and Technology}},
  title        = {{National Vulnerability Database CVSS}},
  note          = {\url{https://nvd.nist.gov/vuln-metrics/cvss}, visited on 2023/06/22},
  organization = {U.S. Department of Commerce},
  year         = {2021},
}

@Misc{dokuwiki,
  note  = {\url{https://www.dokuwiki.org/dokuwiki}, visited on 2023/06/22},
  title = {{DokuWiki}},
  year  = {2023},
  author = {Andreas Gohr and {the DokuWiki Community}},
}

@Misc{Synopsys2020,
  author  = {{Synopsys, Inc.}},
  title   = {{DevSecOps Study Finds That Nearly Half of Organizations Consciously Deploy Vulnerable Applications Due to Time Pressures}},
  note     = {\url{https://news.synopsys.com/2020-08-06-DevSecOps-Study-Finds-that-Nearly-Half-of-Organizations-Consciously-Deploy-Vulnerable-Applications-Due-to-Time-Pressures}, visited on 2023/06/22},
  urldate = {2022-02-28},
  year    = {2020},
}

@InProceedings{Shostack2008,
  author    = {Adam Shostack},
  booktitle = {Workshop on Modeling Security (MODSEC)},
  title     = {{Experiences Threat Modeling at Microsoft}},
  year      = {2008},
}

@Misc{STRIDE,
  author = {{Microsoft Corporation}},
  note   = {\url{https://learn.microsoft.com/en-us/previous-versions/commerce-server/ee823878(v=cs.20)}, visited on 2023/01/30},
  title  = {{The STRIDE Threat Model}},
  year   = {2009},
}

@Book{Gruber2020,
  author    = {Gruber, Dave},
  publisher = {Enterprise Strategy Group},
  title     = {{Modern Application Development Security}},
  year      = {2020},
  note      = {\url{https://news.synopsys.com/2020-08-06-DevSecOps-Study-Finds-that-Nearly-Half-of-Organizations-Consciously-Deploy-Vulnerable-Applications-Due-to-Time-Pressures}, visited 2022-04-19},
  related   = {Synopsys2020},
}

%url = {https://www.synopsys.com/software-integrity/resources/analyst-reports/modern-application-development.html?cmp=pr-sig},

@InBook{Jedlitschka2008RES,
  author    = {Jedlitschka, Andreas and Ciolkowski, Marcus and Pfahl, Dietmar},
  chapter   = {{Reporting Experiments in Software Engineering}},
  pages     = {201--228},
  publisher = {Springer},
  title     = {{Guide to Advanced Empirical Software Engineering}},
  year      = {2008},
  isbn      = {978-1-84800-044-5},
  doi       = {10.1007/978-1-84800-044-5\_8},
}

@InProceedings{keim2021trace,
  author       = {Keim, Jan and Schulz, Sophie and Fuch{\ss}, Dominik and Kocher, Claudius and Speit, Janek and Koziolek, Anne},
  booktitle    = {European Conference on Software Architecture (ECSA)},
  title        = {{Trace Link Recovery for Software Architecture Documentation}},
  year         = {2021},
  organization = {Springer},
  pages        = {101--116},
}

@InProceedings{10.1145/2491627.2491633,
  author    = {Tsuchiya, Ryosuke and Kato, Tadahisa and Washizaki, Hironori and Kawakami, Masumi and Fukazawa, Yoshiaki and Yoshimura, Kentaro},
  booktitle = {International Software Product Line Conference (SPLC)},
  title     = {Recovering Traceability Links between Requirements and Source Code in the Same Series of Software Products},
  year      = {2013},
  pages     = {121–130},
  doi       = {10.1145/2491627.2491633},
  isbn      = {9781450319683},
  keywords  = {traceability recovery, configuration management log, commonality and variability analysis},
  numpages  = {10},
}

@InProceedings{Rasiman2022,
  author    = {Rasiman, Randell and Dalpiaz, Fabiano and Espa{\~{n}}a, Sergio},
  booktitle = {Requirements Engineering: Foundation for Software Quality},
  title     = {{How Effective Is Automated Trace Link Recovery in Model-driven Development?}},
  year      = {2022},
  pages     = {35--51},
  doi       = {10.1007/978-3-030-98464-9_4},
}

@InProceedings{Merten2016,
  author    = {Merten, Thorsten and Kr{\"a}mer, Daniel and Mager, Bastian and Schell, Paul and B{\"u}rsner, Simone and Paech, Barbara},
  booktitle = {Requirements Engineering: Foundation for Software Quality},
  title     = {{Do Information Retrieval Algorithms for Automated Traceability Perform Effectively on Issue Tracking System Data?}},
  year      = {2016},
  pages     = {45--62},
  doi       = {10.1007/978-3-319-30282-9_4},
}


@InProceedings{Samer2019NAI,
  author    = {Samer, Ralph and Stettinger, Martin and Atas, M{\"u}sl{\"u}m and Felfernig, Alexander and Ruhe, Guenther and Deshpande, Gouri},
  booktitle = {International Conference on Tools with Artificial Intelligence (ICTAI)},
  title     = {{New Approaches to the Identification of Dependencies between Requirements}},
  doi       = {10.1109/ICTAI.2019.00-91},
  pages     = {1265--1270},
  year      = {2019},
}

@TechReport{harris1955,
  author      = {Harris, T.E. and Ross, F.S.},
  institution = {The RAND Corporation},
  title       = {{Fundamentals of a Method for Evaluating Rail Net Capacities}},
  number      = {RM-1573},
  url         = {https://apps.dtic.mil/sti/pdfs/AD0093458.pdf},
  address     = {Santa Monica, CA},
  year        = {1955},
}

@InProceedings{Konersmann2018OEM,
  author    = {Konersmann, Marco},
  booktitle = {International Workshop on Executable Modeling},
  title     = {{On Executable Models That Are Integrated with Program Code}},
  url       = {http://ceur-ws.org/Vol-2245/exe\_paper\_3.pdf},
  year      = {2018},
}

@PhdThesis{Konersmann2018EIA,
  author = {Konersmann, Marco},
  title  = {{Explicitly Integrated Architecture - An Approach for Integrating Software Architecture Model Information with Program Code}},
  url    = {https://nbn-resolving.org/urn:nbn:de:hbz:464-20180509-094231-3},
  school = {University of Duisburg-Essen},
  year   = {2018},
}

 
@TechReport{reussner2011palladio,
  author      = {Reussner, Ralf and Becker, Steffen and Burger, Erik and Happe, Jens and Hauck, Michael and Koziolek, Anne and Koziolek, Heiko and Krogmann, Klaus and Kuperberg, Michael},
  institution = {KIT, Fakult{\"a}t f{\"u}r Informatik},
  title       = {{The Palladio Component Model}},
  year        = {2011},
}

@inproceedings{jamopp,
  title={Construct to Reconstruct—Reverse Engineering Java Code with JaMoPP,”},
  author={Heidenreich, Florian and Johannes, Jendrik and Seifert, Mirko and Wende, Christian},
  booktitle={International Workshop on Reverse Engineering Models from Software Artifacts (REM)},
  year={2009}
}

 
@InProceedings{zogaan2017datasets,
  author    = {Zogaan, Waleed and Sharma, Palak and Mirahkorli, Mehdi and Arnaoudova, Venera},
  booktitle = {{International Requirements Engineering Conference (RE)}},
  title     = {{Datasets from Fifteen Years of Automated Requirements Traceability Research: Current State, Characteristics, and Quality}},
  year      = {2017},
  pages     = {110--121},
  doi       = {10.1109/RE.2017.80},
}

@InProceedings{Praehofer2014,
  author    = {Pr{\"a}hofer, Herbert and Schatz, Roland and Grimmer, Andreas},
  booktitle = {Emerging Technology and Factory Automation (ETFA)},
  title     = {{Behavioral Model Synthesis of Plc Programs from Execution Traces}},
  doi       = {10.1109/ETFA.2014.7005259},
  pages     = {1--5},
  year      = {2014},
}

@Article{Hendriks2016,
  author  = {Martijn Hendriks and Jacques Verriet and Twan Basten and Bart Theelen and Marco Brass{\'{e}} and Lou Somers},
  journal = {International Journal on Software Tools for Technology Transfer (STTT)},
  title   = {{Analyzing Execution Traces: Critical-path Analysis and Distance Analysis}},
  year    = {2016},
  number  = {4},
  pages   = {487--510},
  volume  = {19},
  doi     = {10.1007/s10009-016-0436-z},
}

@InProceedings{Meier2020,
  author    = {Meier, Johannes and Werner, Christopher and Klare, Heiko and Tunjic, Christian and A{\ss}mann, Uwe and Atkinson, Colin and Burger, Erik and Reussner, Ralf and Winter, Andreas},
  booktitle = {International Conference on Model-Driven Engineering and Software Development (MODELS)},
  title     = {{Classifying Approaches for Constructing Single Underlying Models}},
  year      = {2020},
  pages     = {350--375},
  doi       = {10.1007/978-3-030-37873-8_15},
}

@INPROCEEDINGS{Yu2008,
  author={Yu, Yijun and Jurjens, Jan and Mylopoulos, John},
  booktitle={International Conference on Software Maintenance}, 
  title={{Traceability for the Maintenance of Secure Software}}, 
  year={2008},
  volume={},
  number={},
  pages={297-306},
  doi={10.1109/ICSM.2008.4658078}}

@InProceedings{Atkinson2010,
  author    = {Atkinson, Colin and Stoll, Dietmar and Bostan, Philipp},
  booktitle = {Evaluation of Novel Approaches to Software Engineering},
  title     = {{Orthographic Software Modeling: A Practical Approach to View-based Development}},
  year      = {2010},
  pages     = {206--219},
  doi       = {10.1007/978-3-642-14819-4_15},
}

@INPROCEEDINGS{1048516,
  author={Hall, J.G. and Jackson, M. and Laney, R.C. and Nuseibeh, B. and Rapanotti, L.},
  booktitle={Proceedings IEEE Joint International Conference on Requirements Engineering}, 
  title={{Relating Software Requirements and Architectures Using Problem Frames}}, 
  year={2002},
  volume={},
  number={},
  pages={137--144},
  doi={10.1109/ICRE.2002.1048516}}

@TechReport{uml,
  author = {{Object Management Group}},
  title  = {{OMG Unified Modeling Language (OMG UML), Superstructure, V2.5.1}},
  year   = {2017},
  institution = {{Object Management Group (OMG)}},
}

@ARTICLE{4359475,
  author={Haley, Charles and Laney, Robin and Moffett, Jonathan and Nuseibeh, Bashar},
  journal={IEEE Transactions on Software Engineering}, 
  title={{Security Requirements Engineering: A Framework for Representation and Analysis}}, 
  year={2008},
  volume={34},
  number={1},
  pages={133--153},
  doi={10.1109/TSE.2007.70754}}

@InProceedings{Feng2012,
  author    = {Zhao, Feng and Gu, Yundong},
  booktitle = {Communications and Information Processing},
  title     = {{An Algorithm for Maximum Flow Analysis in Traffic Network Based on Fuzzy Matrix}},
  year      = {2012},
  pages     = {368--376},
}

@Article{10.2307/1412159,
  author    = {Charles Spearman},
  title     = {{The Proof and Measurement of Association between Two Things}},
  doi       = {10.2307/1412159},
  number    = {1},
  pages     = {72--101},
  volume    = {15},
  journal   = {The American Journal of Psychology},
  publisher = {University of Illinois Press},
  year      = {1904},
}


@Article{1056816,
  author  = {Elias, P. and Feinstein, A. and Shannon, C.},
  title   = {{A Note on the Maximum Flow through a Network}},
  doi     = {10.1109/TIT.1956.1056816},
  number  = {4},
  pages   = {117--119},
  volume  = {2},
  journal = {IRE Transactions on Information Theory},
  year    = {1956},
}

@inproceedings{modisco,
author = {Bruneliere, Hugo and Cabot, Jordi and Jouault, Fr\'{e}d\'{e}ric and Madiot, Fr\'{e}d\'{e}ric},
title = {MoDisco: a generic and extensible framework for model driven reverse engineering},
year = {2010},
doi = {10.1145/1858996.1859032},
booktitle = {International Conference on Automated Software Engineering (ASE)},
pages = {173–174},
}

  @inproceedings{schurr1994specification,
  title={{Specification of Graph Translators with Triple Graph Grammars}},
  author={Sch{\"u}rr, Andy},
  booktitle={International Workshop on Graph-Theoretic Concepts in Computer Science},
  pages={151--163},
  year={1994},
  organization={Springer}
}

  
@InProceedings{dinic1970algorithm,
  author    = {Dinic, Efim A},
  booktitle = {Soviet Math. Doklady},
  title     = {{Algorithm for Solution of a Problem of Maximum Flow in Networks with Power Estimation}},
  pages     = {1277--1280},
  volume    = {11},
  year      = {1970},
}

@BOOK{EMFBook,
  title = {{EMF: Eclipse Modeling Framework 2.0}},
  publisher = {Addison-Wesley Professional},
  year = {2009},
  author = {Steinberg, David and Budinsky, Frank and Paternostro, Marcelo and
	Merks, Ed},
  edition = {2nd},
  isbn = {0321331885},
  owner = {mmueller},
  timestamp = {2016.03.25}
}

@TechReport{Ivers2004DCC,
  author      = {Ivers, James and Clements, Paul and Garlan, David and Nord, Robert and Schmerl, Bradley and Silva, Jaime R.},
  institution = {{Carnegie-Mellon University, Software Engineering Institute}},
  title       = {{Documenting Component and Connector Views with UML 2.0}},
  year        = {2004},
  number      = {ADA455622},
}

@InProceedings{Bertram2017,
  author    = {Bertram, Vincent and Maoz, Shahar and Ringert, Jan Oliver and Rumpe, Bernhard and von Wenckstern, Michael},
  booktitle = {International Conference on Model Driven Engineering Languages and Systems (MODELS)},
  title     = {{Component and Connector Views in Practice: An Experience Report}},
  year      = {2017},
  pages     = {167-177},
  doi       = {10.1109/MODELS.2017.29},
}

@Article{TUMA2018275,
  author  = {Tuma, Katja and Calikli, Gul and Scandariato, Riccardo},
  journal = {Journal of Systems and Software (JSS)},
  title   = {{Threat Analysis of Software Systems: A Systematic Literature Review}},
  year    = {2018},
  pages   = {275--294},
  volume  = {144},
  doi     = {10.1016/j.jss.2018.06.073},
}

@Article{Hubert1985,
  author  = {Hubert, Lawrence and Arabie, Phipps},
  journal = {Journal of Classification},
  title   = {{Comparing Partitions}},
  year    = {1985},
  number  = {1},
  pages   = {193--218},
  volume  = {2},
  doi     = {10.1007/BF01908075},
}

@InProceedings{Santos2009,
  author    = {Santos, Jorge M. and Embrechts, Mark},
  booktitle = {International Conference on Artificial Neural Networks (ICANN)},
  title     = {{On the Use of the Adjusted Rand Index as a Metric for Evaluating Supervised Classification}},
  year      = {2009},
  pages     = {175--184},
  doi       = {10.1007/978-3-642-04277-5_18},
}

@Misc{CWA.DSFA.v1.20,
  author = {{Robert Koch-Institut}},
  note   = {\url{http://web.archive.org/web/20220406145236/https://www.coronawarn.app/assets/documents/cwa-datenschutz-folgenabschaetzung-anlage8.pdf}},
  title  = {{Bericht zur Datenschutz-Folgenabsch{\"{a}}tzung f{\"{u}}r die Corona-Warn-App der Bundesrepublik Deutschland {{\"{O}}}ffentliche Version, Version 1.20, 09.12.2021}},
}

@MISC{CWA.DSFA.A8,
title= {{Risikomatrix VT 6, Version 2.15}},
author = "{Robert Koch-Institut}",
note = {\url{https://www.coronawarn.app/assets/documents/cwa-datenschutz-folgenabschaetzung-anlage8.pdf}},
}

@Article{GDPR2016,
  author       = {{The European Parliament} and {The Council of the European Union}},
  date         = {2016-04-27},
  year         = {2016},
  journal = {Official Journal of the European Union},
  journaltitle = {Official Journal of the European Union},
  title        = {{REGULATION (EU) 2016/679 OF THE EUROPEAN PARLIAMENT AND OF THE COUNCIL}},
  subtitle     = {{on the protection of natural persons with regard to the processing of personal data and on the free movement of such data, and repealing Directive 95/46/EC (General Data Protection Regulation)}},
  url          = {https://eur-lex.europa.eu/legal-content/EN/TXT/PDF/?uri=CELEX:32016R0679},
  urldate      = {2020-06-22},
}

@InProceedings{Hey2024,
  author    = {Tobias Hey and Sophie Corallo and Jan Keim},
  booktitle = {32nd IEEE International Requirements Engineering Conference (RE'24)},
  date      = {2024},
  year      = {2024},
  title     = {Requirements Classification for Traceability Link Recovery},
}

@InProceedings{Keim2024,
  author     = {Keim, Jan and Corallo, Sophie and Fuch{\ss}, Dominik and Hey, Tobias and Telge, Tobias and Koziolek, Anne},
  booktitle  = {46th IEEE/ACM International Conference on Software Engineering},
  title      = {Recovering Trace Links Between Software Documentation And Code},
  publisher  = {ACM},
  series     = {ICSE ’24},
  date       = {2024-04},
  year       = {2024},
  doi        = {10.1145/3597503.3639130},
}

@InProceedings{Gerard2007,
  author    = {S{\'{e}}bastien G{\'{e}}rard and C{\'{e}}dric Dumoulin and Patrick Tessier and Bran Selic},
  booktitle = {Revised Selected Papers of the International Dagstuhl Workshop on Model-Based Engineering of Embedded Real-Time Systems},
  title     = {{Papyrus: A UML2 Tool for Domain-Specific Language Modeling}},
  year      = {2007},
  editor    = {Holger Giese and Gabor Karsai and Edward Lee and Bernhard Rumpe and Bernhard Sch{\"{a}}tz},
  pages     = {361--368},
  publisher = {Springer},
  series    = {Lecture Notes in Computer Science},
  volume    = {6100},
  bibsource = {dblp computer science bibliography, https://dblp.org},
  biburl    = {https://dblp.org/rec/conf/dagstuhl/GerardDTS07.bib},
  doi       = {10.1007/978-3-642-16277-0\_{1}{9}},
  url       = {https://doi.org/10.1007/978-3-642-16277-0_19},
}

@InProceedings{Tuma2019,
  author    = {Katja Tuma and Riccardo Scandariato and Musard Balliu},
  booktitle = {International Conference on Software Architecture (ICSA)},
  title     = {{Flaws in Flows: Unveiling Design Flaws via Information Flow Analysis}},
  year      = {2019},
  pages     = {191--200},
  publisher = {{IEEE}},
  bibsource = {dblp computer science bibliography, https://dblp.org},
  biburl    = {https://dblp.org/rec/conf/icsa/TumaSB19.bib},
  doi       = {10.1109/ICSA.2019.00028},
}

@Misc{EclipseBPMN,
  author       = {{The Eclipse Foundation}},
  howpublished = {\url{https://eclipse.dev/bpmn2-modeler/}},
  title        = {{Eclipse BPMN2 Modeler}},
}

@Article{Gorschek2014,
  author    = {Tony Gorschek and Ewan D. Tempero and Lefteris Angelis},
  journal   = {Journal of Systems and Software (JSS)},
  title     = {{On the Use of Software Design Models in Software Development Practice: An Empirical Investigation}},
  year      = {2014},
  pages     = {176--193},
  volume    = {95},
  bibsource = {dblp computer science bibliography, https://dblp.org},
  biburl    = {https://dblp.org/rec/journals/jss/GorschekTA14.bib},
  doi       = {10.1016/J.JSS.2014.03.082},
}

@InProceedings{Mazurek2022,
  author    = {Michelle L. Mazurek},
  booktitle = {Conference on Computer and Communications Security (CCS)},
  title     = {{We Are the Experts, and We Are the Problem: The Security Advice Fiasco}},
  year      = {2022},
  pages     = {7},
  bibsource = {dblp computer science bibliography, https://dblp.org},
  biburl    = {https://dblp.org/rec/conf/ccs/Mazurek22.bib},
  doi       = {10.1145/3548606.3559394},
}

@InProceedings{Ryan2023,
  author    = {Ita Ryan and Utz Roedig and Klaas{-}Jan Stol},
  booktitle = {Conference on Computer and Communications Security (CCS)},
  title     = {{Unhelpful Assumptions in Software Security Research}},
  year      = {2023},
  editor    = {Weizhi Meng and Christian Damsgaard Jensen and Cas Cremers and Engin Kirda},
  pages     = {3460--3474},
  publisher = {{ACM}},
  bibsource = {dblp computer science bibliography, https://dblp.org},
  biburl    = {https://dblp.org/rec/conf/ccs/RyanRS23.bib},
  doi       = {10.1145/3576915.3623122},
}

@Article{Gray2018,
  author    = {Jeff Gray and Bernhard Rumpe},
  journal   = {Software \& Systems Modeling (SoSyM)},
  title     = {{Agile Model-Based System Development}},
  year      = {2018},
  number    = {4},
  pages     = {1053--1054},
  volume    = {17},
  bibsource = {dblp computer science bibliography, https://dblp.org},
  biburl    = {https://dblp.org/rec/journals/sosym/GrayR18b.bib},
  doi       = {10.1007/S10270-018-0694-1},
}

@InProceedings{MuellerEttrich1997,
  author    = {Gunter M{\"{u}}ller{-}Ettrich},
  booktitle = {Workshop on the Unified Modeling Language},
  title     = {{System Development with V-Model and UML}},
  year      = {1997},
  pages     = {238--249},
  bibsource = {dblp computer science bibliography, https://dblp.org},
  biburl    = {https://dblp.org/rec/conf/uml/Muller-Ettrich97.bib},
}

@Article{Esfahanian2013,
  author    = {Esfahanian, Abdol-Hossein},
  journal   = {Topics in Structural Graph Theory},
  title     = {{Connectivity Algorithms}},
  year      = {2013},
  pages     = {268--281},
  publisher = {Cambridge University Press},
}

@InProceedings{Yue2014,
  author    = {Jianan Yue},
  booktitle = {Student Research Competition at the International Conference on Model Driven Engineering Languages and Systems (MODELS)},
  title     = {{Transition from {EBNF} to Xtext}},
  year      = {2014},
  pages     = {75--80},
}

@InProceedings{Bilge2012,
  author    = {Leyla Bilge and Tudor Dumitras},
  booktitle = {Conference on Computer and Communications Security (CCS)},
  title     = {Before we knew it: an empirical study of zero-day attacks in the real world},
  year      = {2012},
  editor    = {Ting Yu and George Danezis and Virgil D. Gligor},
  pages     = {833--844},
  publisher = {{ACM}},
  bibsource = {dblp computer science bibliography, https://dblp.org},
  biburl    = {https://dblp.org/rec/conf/ccs/BilgeD12.bib},
  doi       = {10.1145/2382196.2382284},
}

@Misc{OWASP-Top10,
  author       = {{The OWASPs Foundation}},
  howpublished = {\url{https://owasp.org/www-project-top-ten/}},
  title        = {{OWASP Top Ten}},
  year         = {2025},
}

@Article{Telang2007,
  author   = {Telang, Rahul and Wattal, Sunil},
  journal  = {IEEE Transactions on Software Engineering},
  title    = {{An Empirical Analysis of the Impact of Software Vulnerability Announcements on Firm Stock Price}},
  year     = {2007},
  number   = {8},
  pages    = {544--557},
  volume   = {33},
  doi      = {10.1109/TSE.2007.70712},
  keywords = {IEEE news;Software quality;Costs;Security;Computer industry;Internet;Law;Legal factors;Protection;Pharmaceuticals;Information security;software vulnerability;quality;event-study;patching;software vendors.},
}

@Article{Shahriar2012,
  author    = {Hossain Shahriar and Mohammad Zulkernine},
  journal   = {{ACM} Computing Surveys},
  title     = {{Mitigating Program Security Vulnerabilities: Approaches and Challenges}},
  year      = {2012},
  number    = {3},
  pages     = {11:1--11:46},
  volume    = {44},
  bibsource = {dblp computer science bibliography, https://dblp.org},
  biburl    = {https://dblp.org/rec/journals/csur/ShahriarZ12.bib},
  doi       = {10.1145/2187671.2187673},
}

@Comment{jabref-meta: databaseType:bibtex;}

@Comment{jabref-meta: saveActions:disabled;
all-text-fields[identity]
date[normalize_date]
month[normalize_month]
pages[normalize_page_numbers]
;}
